@Article{Michiels2021,
  author    = {SÃ©bastien Michiels and Christophe Jalil Nordman and Suneha Seetahul},
  journal   = {The {ANNALS} of the American Academy of Political and Social Science},
  title     = {{Many Rivers to Cross: Social Identity, Cognition, and Labor Mobility in Rural India}},
  year      = {2021},
  number    = {1},
  pages     = {66--80},
  volume    = {697},
  doi       = {10.1177/00027162211055990},
  publisher = {{SAGE} Publications},
}