@InCollection{Almlund2011,
  author    = {Mathilde Almlund and Angela Lee Duckworth and James J. Heckman and Tim D. Kautz},
  booktitle = {{Handbook of the Economics of Education}},
  publisher = {Elsevier},
  title     = {{Personality Psychology and Economics}},
  year      = {2011},
  address   = {Amsterdam},
  chapter   = {1},
  editor    = {E. Hanushek and S. Machin and L. Woessman},
  pages     = {1--181},
  volume    = {4},
  doi       = {10.1016/B978-0-444-53444-6.00001-8},
}